<record><leader>00000cas a22000007a 4500</leader><controlfield tag="001">13245688</controlfield><controlfield tag="008">860306d19391943wiuwr ne      0    0eng d</controlfield><datafield ind1=" " ind2=" " tag="010"><subfield code="a">sn 86086348 </subfield></datafield><datafield ind1=" " ind2=" " tag="040"><subfield code="a">NPV</subfield><subfield code="b">eng</subfield><subfield code="c">NPV</subfield><subfield code="d">OCLCQ</subfield></datafield><datafield ind1=" " ind2=" " tag="042"><subfield code="a">msc</subfield></datafield><datafield ind1=" " ind2=" " tag="045"><subfield code="a">x3x4</subfield></datafield><datafield ind1=" " ind2=" " tag="052"><subfield code="a">4123</subfield><subfield code="b">M4</subfield></datafield><datafield ind1="0" ind2="0" tag="245"><subfield code="a">Peshtigo times and subsidiary the Coleman beacon.</subfield></datafield><datafield ind1="1" ind2="7" tag="246"><subfield code="a">Peshtigo times</subfield></datafield><datafield ind1=" " ind2=" " tag="260"><subfield code="a">Peshtigo, Wis. :</subfield><subfield code="b">L.J. Pesch,</subfield><subfield code="c">1939-1943.</subfield></datafield><datafield ind1=" " ind2=" " tag="300"><subfield code="a">12 v. :</subfield><subfield code="b">ill.</subfield></datafield><datafield ind1=" " ind2=" " tag="310"><subfield code="a">Weekly</subfield></datafield><datafield ind1="0" ind2=" " tag="362"><subfield code="a">Vol. 45, no. 47 (Nov. 23, 1939)-v. 48, no. 23 (June 4, 1942) ; v. 55, no. 24 (May [i.e. June] 11, 1942)-v. 56, no. 34 (Aug. 26, 1943).</subfield></datafield><datafield ind1=" " ind2=" " tag="530"><subfield code="a">Available on microfilm from The State Historical Society of Wisconsin.</subfield></datafield><datafield ind1=" " ind2=" " tag="752"><subfield code="a">United States</subfield><subfield code="b">Wisconsin</subfield><subfield code="c">Marinette</subfield><subfield code="d">Peshtigo.</subfield></datafield><datafield ind1=" " ind2=" " tag="752"><subfield code="a">United States</subfield><subfield code="b">Wisconsin</subfield><subfield code="c">Marinette</subfield><subfield code="d">Coleman.</subfield></datafield><datafield ind1="0" ind2="0" tag="780"><subfield code="t">Peshtigo times (Peshtigo, Wis. : 1939)</subfield><subfield code="w">(DLC)sn 86086347</subfield></datafield><datafield ind1="0" ind2="0" tag="785"><subfield code="t">Peshtigo times and Coleman beacon</subfield><subfield code="w">(DLC)sn 86086349</subfield></datafield></record>